<?xml version="1.0" encoding="UTF-8"?>
<collection xmlns:xsi="http://www.w3.org/2001/XMLSchema-instance" xsi:schemaLocation="http://www.loc.gov/MARC21/slim http://www.loc.gov/standards/marcxml/schema/MARC21slim.xsd" xmlns="http://www.loc.gov/MARC21/slim">
<record>
  <leader>00963cam a2200277Ka 4500</leader>
  <controlfield tag="001">5241407</controlfield>
  <controlfield tag="003">NNC</controlfield>
  <controlfield tag="005">20151221160827.0</controlfield>
  <controlfield tag="008">990105s1954    ir h          000 0 arard</controlfield>
  <datafield tag="010" ind1=" " ind2=" ">
    <subfield code="a">   72210987 </subfield>
  </datafield>
  <datafield tag="035" ind1=" " ind2=" ">
    <subfield code="a">(OCoLC)ocm40569585</subfield>
  </datafield>
  <datafield tag="035" ind1=" " ind2=" ">
    <subfield code="a">(NNC)5241407</subfield>
  </datafield>
  <datafield tag="040" ind1=" " ind2=" ">
    <subfield code="a">CUD</subfield>
    <subfield code="c">CUD</subfield>
    <subfield code="d">OCL</subfield>
    <subfield code="d">IUL</subfield>
    <subfield code="d">ZCU</subfield>
  </datafield>
  <datafield tag="099" ind1=" " ind2=" ">
    <subfield code="a">892.88</subfield>
    <subfield code="a">T23 no.208</subfield>
  </datafield>
  <datafield tag="100" ind1="0" ind2=" ">
    <subfield code="a">Avicenna,</subfield>
    <subfield code="d">980-1037.</subfield>
  </datafield>
  <datafield tag="240" ind1="1" ind2="0">
    <subfield code="a">ʻUyūn ʼal-ḥikmah</subfield>
  </datafield>
  <datafield tag="245" ind1="1" ind2="0">
    <subfield code="a">Kitāb ʻuyūn al-ḥikmah /</subfield>
    <subfield code="c">taṣnīf ʾAbū ʻAlī ibn Sīnā.</subfield>
  </datafield>
  <datafield tag="260" ind1=" " ind2=" ">
    <subfield code="a">Tihrān :</subfield>
    <subfield code="b">Intishārāt-i Dānishgāh-i Tihrān,</subfield>
    <subfield code="c">1333 &lt;1954&gt;</subfield>
  </datafield>
  <datafield tag="300" ind1=" " ind2=" ">
    <subfield code="a">33, 46 p. :</subfield>
    <subfield code="b">facsims. ;</subfield>
    <subfield code="c">23 cm.</subfield>
  </datafield>
  <datafield tag="490" ind1="1" ind2=" ">
    <subfield code="a">Intishārāt-i Dānishgāh-i Tihrān ;</subfield>
    <subfield code="v">208</subfield>
  </datafield>
  <datafield tag="500" ind1=" " ind2=" ">
    <subfield code="a">Arabic text, ed. by Yaḥyá Mahdavī and Mujtabá Mīnuvī.</subfield>
  </datafield>
  <datafield tag="650" ind1=" " ind2="0">
    <subfield code="a">Islamic philosophy.</subfield>
  </datafield>
  <datafield tag="700" ind1="1" ind2=" ">
    <subfield code="a">Mīnuvī, Mujtabá.</subfield>
  </datafield>
  <datafield tag="700" ind1="1" ind2=" ">
    <subfield code="a">Mahdavī, Yaḥyá.</subfield>
  </datafield>
  <datafield tag="830" ind1=" " ind2="0">
    <subfield code="a">Publications de l'Université de Tehran ;</subfield>
    <subfield code="v">208.</subfield>
  </datafield>
  <datafield tag="955" ind1=" " ind2=" ">
    <subfield code="b">0051710978</subfield>
    <subfield code="d">glx</subfield>
    <subfield code="e">892.88 T23 no.208</subfield>
  </datafield>
</record>
</collection>